@article{manuall,
  title = {Rydberg constant and emission spectra of gases},
  author = {Serbanescu, Ruxandra M.},
  journal = {University of Toronto},
  year = {2014}
}

@article{PhysRevA.34.5138,
  title = {Remeasurement of the Rydberg constant},
  author = {Zhao, Ping and Lichten, W. and Layer, H. P. and Bergquist, J. C.},
  journal = {Phys. Rev. A},
  volume = {34},
  issue = {6},
  pages = {5138--5141},
  numpages = {0},
  year = {1986},
  month = {Dec},
  publisher = {American Physical Society},
  doi = {10.1103/PhysRevA.34.5138},
  url = {https://link.aps.org/doi/10.1103/PhysRevA.34.5138}
}
