@article{PhysRev.45.781,
  title = {Positive Electrons: Focussing of Beams, Measurement of Charge-to-Mass Ratio, Study of Absorption and Conversion into Light},
  author = {Thibaud, Jean},
  journal = {Phys. Rev.},
  volume = {45},
  issue = {11},
  pages = {781--787},
  numpages = {0},
  year = {1934},
  month = {Jun},
  publisher = {American Physical Society},
  doi = {10.1103/PhysRev.45.781},
  url = {https://link.aps.org/doi/10.1103/PhysRev.45.781}
}

@article{manson2022impact,
  author = {Manson, Edward N. and Inkoom, Samuel and Mumuni, Abdul-Nasir},
  title = {Impact of Magnetic Field Inhomogeneity on the Quality of Magnetic Resonance Images and Compensation Techniques: A Review},
  journal = {Reports in Medical Imaging},
  year = {2022},
  volume = {15},
  pages = {43-56},
  doi = {10.2147/RMI.S369491}
}

@article{rockenbauer2001two-dimensional,
  title = {A Two-Dimensional (Magnetic Field and Concentration) Electron Paramagnetic Resonance Method for Analysis of Multispecies Complex Equilibrium Systems. Information Content of EPR Spectra},
  author = {Rockenbauer, Antal and Szabó-Plánka, Terézia and Árkosi, Zsuzsanna and Korecz, László},
  journal = {Journal of the American Chemical Society},
  year = {2001},
  volume = {123},
  number = {31},
  pages = {7646-7654},
  publisher = {American Chemical Society},
  issn = {0002-7863},
  doi = {10.1021/ja0102888},
  url = {https://doi.org/10.1021/ja0102888}
}

@article{janes1966anomalous,
  author = {Janes, G. S. and Lowder, R. S.},
  title = {Anomalous Electron Diffusion and Ion Acceleration in a Low-Density Plasma},
  journal = {Phys. Fluids},
  month = {June},
  year = {1966},
  volume = {9},
  number = {6},
  pages = {1115-1123},
  doi = {10.1063/1.1761810}
}

@article{manualkey,
  title = {Digital Multimeters
34460A, 34461A, 34465A (6½ digit), 34470A (7½ digit)},
  author = {Keysight Technologies},
  url = {https://class.ece.iastate.edu/rlgeiger/Randy505/Support/Keysight%2034470A%20Manual.pdf},
  note = {24 Oct 2023},
}
