@book{chandra2016energy,
  author    = {S. Chandra},
  title     = {Energy, Entropy and Engines: An Introduction to Thermodynamics},
  year      = {2016},
  pages     = {385},
  publisher = {Wiley},
}

@manual{vern_uncertainties_2000,
  author = {Vern Lindberg},
  title = {Uncertainties and Error Propagation: Part I of a Manual on Uncertainties, Graphing, and the Vernier Caliper},
  year = {2000},
  howpublished = {\url{https://www.geol.lsu.edu/jlorenzo/geophysics/uncertainties/Uncertaintiespart2.html}},
}

@article{cai2005first,
  title={First law of thermodynamics and Friedmann equations of Friedmann-Robertson-Walker universe},
  author={Cai, Rong-Gen and Kim, Sang Pyo},
  journal={Journal of High Energy Physics},
  volume={2005},
  number={02},
  pages={050},
  year={2005},
  publisher={IOP Publishing}
}

@article{che,
    author = {CHE260},
    title = {Lab 2 - First Law of Thermodynamics},
    journal = {Thermodynamic and Heat Transfer},
    year = {2023}
}